@inproceedings{rawat2017vuzzer,
  title={VUzzer: Application-aware Evolutionary Fuzzing.},
  author={Rawat, Sanjay and Jain, Vivek and Kumar, Ashish and Cojocar, Lucian and Giuffrida, Cristiano and Bos, Herbert},
  booktitle={NDSS},
  volume={17},
  pages={1--14},
  year={2017}
}


@inproceedings{chen2018angora,
  title={Angora: Efficient fuzzing by principled search},
  author={Chen, Peng and Chen, Hao},
  booktitle={2018 IEEE Symposium on Security and Privacy (SP)},
  pages={711--725},
  year={2018},
  organization={IEEE}
}


@inproceedings{kersten2017poster,
  title={POSTER: AFL-based Fuzzing for Java with Kelinci},
  author={Kersten, Rody and Luckow, Kasper and P{\u{a}}s{\u{a}}reanu, Corina S},
  booktitle={Proceedings of the 2017 ACM SIGSAC Conference on Computer and Communications Security},
  pages={2511--2513},
  year={2017}
}
@inproceedings{chen2018hawkeye,
  title={Hawkeye: Towards a desired directed grey-box fuzzer},
  author={Chen, Hongxu and Xue, Yinxing and Li, Yuekang and Chen, Bihuan and Xie, Xiaofei and Wu, Xiuheng and Liu, Yang},
  booktitle={Proceedings of the 2018 ACM SIGSAC Conference on Computer and Communications Security},
  pages={2095--2108},
  year={2018}
}
@inproceedings{lyu2019mopt,
  title={MOPT: Optimized mutation scheduling for fuzzers},
  author={Lyu, Chenyang and Ji, Shouling and Zhang, Chao and Li, Yuwei and Lee, Wei-Han and Song, Yu and Beyah, Raheem},
  booktitle={28th USENIX Security Symposium (USENIX Security 19)},
  pages={1949--1966},
  year={2019}
}

@inproceedings{she2019neuzz,
  title={NEUZZ: Efficient fuzzing with neural program smoothing},
  author={She, Dongdong and Pei, Kexin and Epstein, Dave and Yang, Junfeng and Ray, Baishakhi and Jana, Suman},
  booktitle={2019 IEEE Symposium on Security and Privacy (SP)},
  pages={803--817},
  year={2019},
  organization={IEEE}
}

@inproceedings{osterlund2020parmesan,
  title={ParmeSan: Sanitizer-guided Greybox Fuzzing},
  author={{\"O}sterlund, Sebastian and Razavi, Kaveh and Bos, Herbert and Giuffrida, Cristiano},
  booktitle={29th USENIX Security Symposium (USENIX Security 20)},
  year={2020}
}


@inproceedings{shen2019neuro,
  title={Neuro-Symbolic Execution: Augmenting Symbolic Execution with Neural Constraints.},
  author={Shen, Shiqi and Shinde, Shweta and Ramesh, Soundarya and Roychoudhury, Abhik and Saxena, Prateek},
  booktitle={NDSS},
  year={2019}
}

@article{han2019synfuzz,
  title={SynFuzz: Efficient Concolic Execution via Branch Condition Synthesis},
  author={Han, Wookhyun and Rahman, Md Lutfor and Chen, Yuxuan and Song, Chengyu and Lee, Byoungyoung and Shin, Insik},
  journal={arXiv preprint arXiv:1905.09532},
  year={2019}
}

@inproceedings{you2019slf,
  title={SLF: fuzzing without valid seed inputs},
  author={You, Wei and Liu, Xuwei and Ma, Shiqing and Perry, David and Zhang, Xiangyu and Liang, Bin},
  booktitle={2019 IEEE/ACM 41st International Conference on Software Engineering (ICSE)},
  pages={712--723},
  year={2019},
  organization={IEEE}
}

@inproceedings{schumilo2017kafl,
  title={kafl: Hardware-assisted feedback fuzzing for OS kernels},
  author={Schumilo, Sergej and Aschermann, Cornelius and Gawlik, Robert and Schinzel, Sebastian and Holz, Thorsten},
  booktitle={26th USENIX Security Symposium (USENIX Security 17)},
  pages={167--182},
  year={2017}
}

@inproceedings{aschermann2019redqueen,
  title={REDQUEEN: Fuzzing with Input-to-State Correspondence.},
  author={Aschermann, Cornelius and Schumilo, Sergej and Blazytko, Tim and Gawlik, Robert and Holz, Thorsten},
  booktitle={NDSS},
  volume={19},
  pages={1--15},
  year={2019}
}


@inproceedings{stephens2016driller,
  title={Driller: Augmenting Fuzzing Through Selective Symbolic Execution.},
  author={Stephens, Nick and Grosen, John and Salls, Christopher and Dutcher, Andrew and Wang, Ruoyu and Corbetta, Jacopo and Shoshitaishvili, Yan and Kruegel, Christopher and Vigna, Giovanni},
  booktitle={NDSS},
  volume={16},
  pages={1--16},
  year={2016}
}


@article{liang2019deepfuzzer,
  title={DeepFuzzer: Accelerated Deep Greybox Fuzzing},
  author={Liang, Jie and Jiang, Yu and Wang, Mingzhe and Jiao, Xun and Chen, Yuanliang and Song, Houbing and Choo, Kim-Kwang Raymond},
  journal={IEEE Transactions on Dependable and Secure Computing},
  year={2019},
  publisher={IEEE}
}

@inproceedings{nagy2019full,
  title={Full-speed fuzzing: Reducing fuzzing overhead through coverage-guided tracing},
  author={Nagy, Stefan and Hicks, Matthew},
  booktitle={2019 IEEE Symposium on Security and Privacy (SP)},
  pages={787--802},
  year={2019},
  organization={IEEE}
}

@misc{aflfuzzer,
    key = {American Fuzzy Lop: a security-oriented fuzzer.},
    title={American Fuzzy Lop: a security-oriented fuzzer.},
    year={2010},
    howpublished ={\url{https://lcamtuf.coredump.cx/afl/}},
    note={Accessed at: 8-8-2020}
}

@misc{bohmefuzzing,
  key={Fuzzing: On the Exponential Cost of Vulnerability Discovery},
  title={Fuzzing: On the Exponential Cost of Vulnerability Discovery},
  author={B{\"o}hme, Marcel and Falk, Brandon},
  year={2020},
}

@misc{zeller2019fuzzing,
  key={The Fuzzing Book},
  title={The Fuzzing Book},
  author={Zeller, Andreas and Gopinath, Rahul and B{\"o}hme, Marcel and Fraser, Gordon and Holler, Christian},
  year={2019},
  publisher={CISPA+ Saarland University}
}

@article{herder2006minix,
  title={MINIX 3: A highly reliable, self-repairing operating system},
  author={Herder, Jorrit N and Bos, Herbert and Gras, Ben and Homburg, Philip and Tanenbaum, Andrew S},
  journal={ACM SIGOPS Operating Systems Review},
  volume={40},
  number={3},
  pages={80--89},
  year={2006},
  publisher={ACM New York, NY, USA}
}

@inproceedings{yun2018qsym,
  title={QSYM: A practical concolic execution engine tailored for hybrid fuzzing},
  author={Yun, Insu and Lee, Sangho and Xu, Meng and Jang, Yeongjin and Kim, Taesoo},
  booktitle={27th USENIX Security Symposium (USENIX Security 18)},
  pages={745--761},
  year={2018}
}

@inproceedings{poeplau2020symbolic,
  title={Symbolic execution with SYMCC: Donâ€™t interpret, compile!},
  author={Poeplau, Sebastian and Francillon, Aur{\'e}lien},
  booktitle={USENIX Security Symposium 2020},
  year={2020}
}

@misc{angora2020blogpost,
    key={When Results Are All That Matters: The Case of the Angora Fuzzer},
    title={When Results Are All That Matters: The Case of the Angora Fuzzer},
    howpublished={\url{https://andreas-zeller.blogspot.com/2019/10/when-results-are-all-that-matters-case.html}},
    note={Accessed at: 8-8-2020}
}

@article{eddington2011peach,
  title={Peach fuzzing platform},
  author={Eddington, Michael},
  journal={Peach Fuzzer},
  volume={34},
  year={2011}
}

@article{helin2018radamsa,
  key={Radamsa - a general purpose fuzzer},
  title={Radamsa - a general purpose fuzzer},
  author={Helin, Aki},
  journal={URl: https://gitlab. com/akihe/radamsa},
  year={2018}
}

@book{takanen2018fuzzing,
  key={Fuzzing for software security testing and quality assurance},
  title={Fuzzing for software security testing and quality assurance},
  author={Takanen, Ari and Demott, Jared D and Miller, Charles and Kettunen, Atte},
  year={2018},
  publisher={Artech House}
}


@misc{owaspfuzzing,
    key={Fuzzing},
    title={Fuzzing},
    howpublished={\url{https://owasp.org/www-community/Fuzzing}},
    note={Accessed at: 10-8-2020}
}

@inproceedings{bohme2017directed,
  title={Directed greybox fuzzing},
  author={B{\"o}hme, Marcel and Pham, Van-Thuan and Nguyen, Manh-Dung and Roychoudhury, Abhik},
  booktitle={Proceedings of the 2017 ACM SIGSAC Conference on Computer and Communications Security},
  pages={2329--2344},
  year={2017}
}

@article{bohme2017coverage,
  title={Coverage-based greybox fuzzing as markov chain},
  author={B{\"o}hme, Marcel and Pham, Van-Thuan and Roychoudhury, Abhik},
  journal={IEEE Transactions on Software Engineering},
  volume={45},
  number={5},
  pages={489--506},
  year={2017},
  publisher={IEEE}
}

@inproceedings{lemieux2018fairfuzz,
  title={Fairfuzz: A targeted mutation strategy for increasing greybox fuzz testing coverage},
  author={Lemieux, Caroline and Sen, Koushik},
  booktitle={Proceedings of the 33rd ACM/IEEE International Conference on Automated Software Engineering},
  pages={475--485},
  year={2018}
}

@article{ruder2016overview,
  title={An overview of gradient descent optimization algorithms},
  author={Ruder, Sebastian},
  journal={arXiv preprint arXiv:1609.04747},
  year={2016}
}


@article{van2018benchmarking,
  title={Benchmarking crimes: an emerging threat in systems security},
  author={van der Kouwe, Erik and Andriesse, Dennis and Bos, Herbert and Giuffrida, Cristiano and Heiser, Gernot},
  journal={arXiv preprint arXiv:1801.02381},
  year={2018}
}

@misc{dataflowsanitizer,
    key={DataFlowSanitizer},
    title={DataFlowSanitizer},
    howpublished={\url{https://clang.llvm.org/docs/DataFlowSanitizer.html}},
    note={Accessed at: 11-8-2020}
}

@misc{reitz2020pipenv,
  title={Pipenv: Python Dev Workflow for Humans},
  author={Reitz, Kenneth},
  volume={4},
  year={2020}
}

@misc{cargo,
    key={Cargo Book},
    title={The Cargo Book},
    howpublished={\url{https://doc.rust-lang.org/cargo/}},
    note={Accessed at: 11-8-2020}
}

@inproceedings{rossow2012prudent,
  title={Prudent practices for designing malware experiments: Status quo and outlook},
  author={Rossow, Christian and Dietrich, Christian J and Grier, Chris and Kreibich, Christian and Paxson, Vern and Pohlmann, Norbert and Bos, Herbert and Van Steen, Maarten},
  booktitle={2012 IEEE Symposium on Security and Privacy},
  pages={65--79},
  year={2012},
  organization={IEEE}
}

@inproceedings{andreadis2018reference,
  title={A reference architecture for datacenter scheduling: design, validation, and experiments},
  author={Andreadis, Georgios and Versluis, Laurens and Mastenbroek, Fabian and Iosup, Alexandru},
  booktitle={SC18: International Conference for High Performance Computing, Networking, Storage and Analysis},
  pages={478--492},
  year={2018},
  organization={IEEE}
}

@article{collberg2016repeatability,
  title={Repeatability in computer systems research},
  author={Collberg, Christian and Proebsting, Todd A},
  journal={Communications of the ACM},
  volume={59},
  number={3},
  pages={62--69},
  year={2016},
  publisher={ACM New York, NY, USA}
}

@inproceedings{klees2018evaluating,
  title={Evaluating fuzz testing},
  author={Klees, George and Ruef, Andrew and Cooper, Benji and Wei, Shiyi and Hicks, Michael},
  booktitle={Proceedings of the 2018 ACM SIGSAC Conference on Computer and Communications Security},
  pages={2123--2138},
  year={2018}
}

@inproceedings{dolan2016lava,
  title={Lava: Large-scale automated vulnerability addition},
  author={Dolan-Gavitt, Brendan and Hulin, Patrick and Kirda, Engin and Leek, Tim and Mambretti, Andrea and Robertson, Wil and Ulrich, Frederick and Whelan, Ryan},
  booktitle={2016 IEEE Symposium on Security and Privacy (SP)},
  pages={110--121},
  year={2016},
  organization={IEEE}
}

@article{kolmogorov1998tables,
  title={On tables of random numbers},
  author={Kolmogorov, Andrei N},
  journal={Theoretical Computer Science},
  volume={207},
  number={2},
  pages={387--395},
  year={1998},
  publisher={Elsevier}
}

@inproceedings{cadar2008klee,
  title={Klee: unassisted and automatic generation of high-coverage tests for complex systems programs.},
  author={Cadar, Cristian and Dunbar, Daniel and Engler, Dawson R and others},
  booktitle={OSDI},
  volume={8},
  pages={209--224},
  year={2008}
}

@article{chen2020meuzz,
  title={MEUZZ: Smart Seed Scheduling for Hybrid Fuzzing},
  author={Chen, Yaohui and Ahmadi, Mansour and Wang, Boyu and Lu, Long and others},
  journal={arXiv preprint arXiv:2002.08568},
  year={2020}
}

@inproceedings{wang2019sensitive,
  title={Be sensitive and collaborative: Analyzing impact of coverage metrics in greybox fuzzing},
  author={Wang, Jinghan and Duan, Yue and Song, Wei and Yin, Heng and Song, Chengyu},
  booktitle={22nd International Symposium on Research in Attacks, Intrusions and Defenses ($\{$RAID$\}$ 2019)},
  pages={1--15},
  year={2019}
}

@inproceedings{fioraldi2020afl++,
  title={AFL++: Combining incremental steps of fuzzing research},
  author={Fioraldi, Andrea and Maier, Dominik and Ei{\ss}feldt, Heiko and Heuse, Marc},
  booktitle={14th $\{$USENIX$\}$ Workshop on Offensive Technologies ($\{$WOOT$\}$ 20)},
  year={2020}
}

@misc{metzman2020fuzzbench,
  title={FuzzBench: Fuzzer benchmarking as a service},
  author={Metzman, L{\'a}szl{\'o} Szekeres Jonathan and Arya, Abhishek and Szekeres, L},
  journal={Google Security Blog},
  year={2020},
  howpublished ={\url{https://security.googleblog.com/2020/03/ fuzzbench-fuzzer-benchmarking-as-service.html.}},
  note={Accessed at: 21-1-2021}
}

@article{demvsar2006statistical,
  title={Statistical comparisons of classifiers over multiple data sets},
  author={Dem{\v{s}}ar, Janez},
  journal={Journal of Machine learning research},
  volume={7},
  number={Jan},
  pages={1--30},
  year={2006}
}

@book{lehman2005jmp,
  title={JMP for basic univariate and multivariate statistics: a step-by-step guide},
  author={Lehman, Ann},
  year={2005},
  publisher={SAS Institute}
}

@article{scikit-learn,
 title={Scikit-learn: Machine Learning in {P}ython},
 author={Pedregosa, F. and Varoquaux, G. and Gramfort, A. and Michel, V.
         and Thirion, B. and Grisel, O. and Blondel, M. and Prettenhofer, P.
         and Weiss, R. and Dubourg, V. and Vanderplas, J. and Passos, A. and
         Cournapeau, D. and Brucher, M. and Perrot, M. and Duchesnay, E.},
 journal={Journal of Machine Learning Research},
 volume={12},
 pages={2825--2830},
 year={2011}
}

@misc{aizatsky2016ossfuzz,
  title={OSS-Fuzz: Continuous Fuzzing for Open Source Software},
  author={Aizatsky, Mike and Serebryany, Kostya and Chang, Oliver and Arya, Abhishek and Whittaker, Meredith},
  journal={Google Testing Blog},
  year={2016},
  howpublished ={\url{https://github.com/google/oss-fuzz}},
  note={Accessed at: 29-1-2021}
}

@misc{hongfuzz,
  title={Honggfuzz},
  author={Google},
  howpublished ={\url{https://github.com/google/hongfuzz}},
  note={Accessed at: 29-1-2021}
}

@book{zuse2019software,
  title={Software complexity: measures and methods},
  author={Zuse, Horst},
  volume={4},
  year={2019},
  publisher={Walter de Gruyter GmbH \& Co KG}
}

@book{jorgensen2018software,
  title={Software testing: a craftsmanâ€™s approach},
  author={Jorgensen, Paul C},
  year={2018},
  publisher={CRC press}
}

@inproceedings{de2008z3,
  title={Z3: An efficient SMT solver},
  author={De Moura, Leonardo and Bj{\o}rner, Nikolaj},
  booktitle={International conference on Tools and Algorithms for the Construction and Analysis of Systems},
  pages={337--340},
  year={2008},
  organization={Springer}
}
